





@inproceedings{johnson2013svrg,
 author = {Johnson, Rie and Zhang, Tong},
 booktitle = {Advances in Neural Information Processing Systems},
 editor = {C. J. C. Burges and L. Bottou and M. Welling and Z. Ghahramani and K. Q. Weinberger},
 pages = {315--323},
 publisher = {Curran Associates, Inc.},
 title = {Accelerating Stochastic Gradient Descent using Predictive Variance Reduction},
 url = {https://proceedings.neurips.cc/paper/2013/file/ac1dd209cbcc5e5d1c6e28598e8cbbe8-Paper.pdf},
 volume = {26},
 year = {2013}
}

@inproceedings{kingma2014adam,
  title={Adam: A method for stochastic optimization},
  author={Kingma, Diederik P and Ba, Jimmy},
  booktitle={ICLR},
  year={2015}
}

@article{adadelta,
  author    = {M. D. Zeiler},
  title     = {{ADADELTA:} An Adaptive Learning Rate Method},
  journal   = {arXiv:1212.5701},
  year      = {2012},
}

@misc{rmsprop,
  title={{Lecture 6.5---RmsProp: Divide the gradient by a running average of its recent magnitude}},
  author={Tieleman, T. and Hinton, G.},
  howpublished={COURSERA: Neural Networks for Machine Learning},
  year={2012}
}

@inproceedings{Defazio2019,
 author = {Defazio, Aaron and Bottou, Leon},
 booktitle = {NeurIPS},
 title = {On the Ineffectiveness of Variance Reduced Optimization for Deep Learning},
 year = {2019}
}

@article{Cutkosky2019storm,
  author    = {Ashok Cutkosky and
               Francesco Orabona},
  title     = {Momentum-Based Variance Reduction in Non-Convex {SGD}},
  journal   = {CoRR},
  volume    = {abs/1905.10018},
  year      = {2019},
  url       = {http://arxiv.org/abs/1905.10018},
  archivePrefix = {arXiv},
  eprint    = {1905.10018},
  timestamp = {Wed, 29 May 2019 11:27:50 +0200},
  biburl    = {https://dblp.org/rec/journals/corr/abs-1905-10018.bib},
  bibsource = {dblp computer science bibliography, https://dblp.org}
}

@article{john2011adagrad,
author = {Duchi, John and Hazan, Elad and Singer, Yoram},
title = {Adaptive Subgradient Methods for Online Learning and Stochastic Optimization},
year = {2011},
issue_date = {2/1/2011},
publisher = {JMLR.org},
issn = {1532-4435},
journal = {J. Mach. Learn. Res.},
}

@inproceedings{dauphin2019metainit,
 author = {Dauphin, Yann N and Schoenholz, Samuel},
 booktitle = {NeurIPS},
 title = {MetaInit: Initializing learning by learning to initialize},
 year = {2019}
}

@conference{he2015residual,
  author = {He, Kaiming and Zhang, Xiangyu and Ren, Shaoqing and Sun, Jian},
  title = {Deep Residual Learning for Image Recognition},
  year = 2015
}

@article{leNet,
  author = {LeCun, Y. and Boser, B. and Denker, J. S. and Henderson, D. and Howard, R. E. and Hubbard, W. and Jackel, L. D.},
  biburl = {https://www.bibsonomy.org/bibtex/296c98d6adbcfbbea71385179ed056128/brian.mingus},
  description = {CCNLab BibTeX},
  interhash = {f532aea0ac3d409fbcae2c9ce8d5d1a2},
  intrahash = {96c98d6adbcfbbea71385179ed056128},
  journal = {Neural Computation},
  keywords = {nnets},
  pages = {541-551},
  title = {Backpropagation Applied to Handwritten Zip Code Recognition},
  volume = 1,
  year = 1989
}
  
@article{lecun2010mnist,
  title={MNIST handwritten digit database},
  author={LeCun, Yann and Cortes, Corinna and Burges, CJ},
  journal={ATT Labs [Online]. Available: http://yann.lecun.com/exdb/mnist},
  volume={2},
  year={2010}
}

@misc{ioffe2015batch,
      title={Batch Normalization: Accelerating Deep Network Training by Reducing Internal Covariate Shift}, 
      author={Sergey Ioffe and Christian Szegedy},
      year={2015},
      eprint={1502.03167},
      archivePrefix={arXiv},
      primaryClass={cs.LG}
}

@misc{he2015deep,
      title={Deep Residual Learning for Image Recognition}, 
      author={Kaiming He and Xiangyu Zhang and Shaoqing Ren and Jian Sun},
      year={2015},
      eprint={1512.03385},
      archivePrefix={arXiv},
      primaryClass={cs.CV}
}

@TECHREPORT{Krizhevsky09learningmultiple,
    author = {Alex Krizhevsky},
    title = {Learning multiple layers of features from tiny images},
    year = {2009}
}

@inproceedings{NEURIPS2019_876e8108,
 author = {Dauphin, Yann N and Schoenholz, Samuel},
 booktitle = {Advances in Neural Information Processing Systems},
 editor = {H. Wallach and H. Larochelle and A. Beygelzimer and F. d\textquotesingle Alch\'{e}-Buc and E. Fox and R. Garnett},
 pages = {12645--12657},
 publisher = {Curran Associates, Inc.},
 title = {MetaInit: Initializing learning by learning to initialize},
 url = {https://proceedings.neurips.cc/paper/2019/file/876e8108f87eb61877c6263228b67256-Paper.pdf},
 volume = {32},
 year = {2019}
}

@article{JMLR:v12:duchi11a,
  author  = {John Duchi and Elad Hazan and Yoram Singer},
  title   = {Adaptive Subgradient Methods for Online Learning and Stochastic Optimization},
  journal = {Journal of Machine Learning Research},
  year    = {2011},
  volume  = {12},
  number  = {61},
  pages   = {2121-2159},
  url     = {http://jmlr.org/papers/v12/duchi11a.html}
}

